@MISC{ahaFiveCs,
  title       = {\emph{What Does It Mean to Think Historically?}},
  author      = {{AHA - American Historical Association (Andrews, Thomas and Burke, Flannery)}},
  lastchecked = {23 10 2015},
  url         = {http://historians.org/publications-and-directories/perspectives-on-history/january-2007/what-does-it-mean-to-think-historically}
}

@MISC{rgsGeography,
  title       = {\emph{What is geography?}},
  author      = {{RGS - Royal Geographical Society}},
  lastchecked = {23 10 2015},
  url         = {http://www.rgs.org/geographytoday/what+is+geography.htm}
}

@MISC{ngGeography,
  title       = {\emph{geography - National Geographic Education}},
  author      = {{National Geographic}},
  lastchecked = {23 10 2015},
  url         = {http://education.nationalgeographic.com/encyclopedia/geography/}
}

@MISC{geoid,
  title       = {\emph{geoid | geology}},
  author      = {{Uotila, Urho A. (Britannica.com)}},
  lastchecked = {27 10 2015},
  url         = {http://www.britannica.com/science/geoid}
}

@MISC{geoidESRI,
  title       = {\emph{Mean Sea Level, GPS, and the Geoid}},
  author      = {{Fraczek, Witold (ESRI)}},
  lastchecked = {27 10 2015},
  url         = {http://www.esri.com/news/arcuser/0703/geoid1of3.html}
}

@MISC{mapProjectionGeokov,
  title       = {\emph{Map projection - types and distortion}},
  author      = {{Geokov}},
  lastchecked = {27 10 2015},
  url         = {http://geokov.com/education/map-projection.aspx}
}

@MISC{mapProjectionKrygier,
  title       = {\emph{Geography 353 Cartography and Visualization - Lecture Outline}},
  author      = {{Krygier, J.B. (Ohio Wesleyan University)}},
  lastchecked = {28 10 2015},
  url         = {http://go.owu.edu/~jbkrygie/krygier_html/geog_353/geog_353_lo/geog_353_lo05.html}
}

@MISC{ordbms,
  title       = {\emph{Object-Relational DBMS}},
  author      = {{Stonebraker, M. (Informix Software)}},
  date        = {1996},
  lastchecked = {31 10 2015},
  url         = {http://db.cs.berkeley.edu/papers/Informix/www.informix.com/informix/corpinfo/zines/whitpprs/illuswp/wave.htm}
}

@ARTICLE{karcher,
  title = {{Empirische Studie über zeitliche Verläufe in kartografischen Animationen}},
  journal = {Hochschule für Technik und Wirtschaft Karlsruhe, Fakultät für Geomatik},
  year = {2012},
  author = {Martin Karcher}
}

@book{bolstad2008gis,
  title={GIS Fundamentals: A First Text on Geographic Information Systems},
  author={Bolstad, P.},
  isbn={9780971764729},
  lccn={2008901027},
  url={https://books.google.com/books?id=2rjYPQAACAAJ},
  year={2008},
  publisher={Eider Press}
}

@book{krygier2005making,
  title={Making Maps: A Visual Guide to Map Design for GIS},
  author={Krygier, J. and Wood, D.},
  isbn={9781593852009},
  lccn={2005018239},
  url={https://books.google.com/books?id=81aX0AIviv8C},
  year={2005},
  publisher={Guilford Press}
}

@book{knowles2002past,
  title={Past Time, Past Place: GIS for History},
  author={Knowles, A.K.},
  isbn={9781589480322},
  lccn={2002002688},
  url={https://books.google.com/books?id=UZy4WiWPepkC},
  year={2002},
  publisher={ESRI Press}
}

@MISC{aerialInterpolation,
  title       = {\emph{ArcGIS Help 10.1}},
  author      = {{ArcGIS Resources}},
  date        = {2012},
  lastchecked = {03 11 2015},
  url         = {http://resources.arcgis.com/EN/HELP/MAIN/10.1/index.html#//0031000000q8000000}
}

@book{talbert2000barrington,
  title={Barrington Atlas of the Greek and Roman World: Map-by-map Directory},
  author={Talbert, R.J.A.},
  isbn={9780691049458},
  url={https://books.google.com/books?id=x\_FHmc\_E2uQC},
  year={2000},
  publisher={Princeton University Press}
}

@book{knowles2008placing,
  title={Placing History: How Maps, Spatial Data, and GIS are Changing Historical Scholarship},
  author={Knowles, A.K. and Hillier, A.},
  isbn={9781589480131},
  lccn={2007038445},
  url={https://books.google.com/books?id=VN1v7rzhSQEC},
  year={2008},
  publisher={ESRI Press}
}

@book{gregory2014toward,
  title={Toward Spatial Humanities: Historical GIS and Spatial History},
  author={Gregory, I.N. and Geddes, A.},
  isbn={9780253011909},
  series={The Spatial Humanities},
  url={https://books.google.com/books?id=JYQxAwAAQBAJ},
  year={2014},
  publisher={Indiana University Press}
}


@ARTICLE{peuquet99,
  title = {{Time in GIS and geographical databases}},
  journal = {Geographical information systems},
  year = {1999},
  pages = {91-102},
  author = {Peuquet, D. J.}
}


@MISC{system,
  title       = {\emph{What is a system? definition and meaning}},
  author      = {{BusinessDictionary}},
  lastchecked = {04 11 2015},
  url         = {http://www.businessdictionary.com/definition/system.html}
}

@MISC{datinfwis,
  title       = {{Knowledge Map of Information Science: Data, Information, Knowledge}},
  author      = {Nicolae Dragulanescu},
  lastchecked = {05 11 2015},
  url         = {http://www.success.co.il/is/dik.html}
}

@MISC{nake,
  title = {{Data, Information, and Knowledge}},
  author = {Frieder Nake},
  journal = {Informatik, Universität Bremen},
  lastchecked = {05 11 2015},
  url = {http://viola.informatik.uni-bremen.de/typo/fileadmin/media/DataInformKnowledge.pdf}
}

@MISC{informationSystem,
  title = {{information system}},
  author = {Vladimir Zwass},
  journal = {Britannica.com},
  lastchecked = {05 11 2015},
  url = {http://www.britannica.com/topic/information-system}
}

@book{solana2014spatio,
  title={Spatio-Temporal Narratives: Historical GIS and the Study of Global Trading Networks (1500-1800)},
  author={Solana, A.C.},
  isbn={9781443860994},
  url={https://books.google.com/books?id=oqIxBwAAQBAJ},
  year={2014},
  publisher={Cambridge Scholars Publisher}
}

@ARTICLE{zhao11,
  title = {{Design and Implementation of an Object-Oriented Space-Time
GIS Data Model}},
  journal = {Master's Thesis, University of Tennessee},
  year = {2011},
  author = {Zhao, Ziliang},
  url = {http://trace.tennessee.edu/utk_gradthes/1043/},
  lastchecked = {07 11 2015},
}

@inproceedings{clementiniTopology,
 author = {Clementini, Eliseo and Felice, Paolino Di and Oosterom, Peter van},
 title = {A Small Set of Formal Topological Relationships Suitable for End-User Interaction},
 booktitle = {Proceedings of the Third International Symposium on Advances in Spatial Databases},
 series = {SSD '93},
 year = {1993},
 isbn = {3-540-56869-7},
 pages = {277--295},
 numpages = {19},
 url = {http://dl.acm.org/citation.cfm?id=647223.718898},
 acmid = {718898},
 publisher = {Springer-Verlag},
 address = {London, UK, UK},
}

@book{ott2001time,
  title={Time-Integrative Geographic Information Systems: Management and Analysis of Spatio-Temporal Data},
  author={Ott, T. and Swiaczny, F.},
  number={v. 1},
  isbn={9783540410164},
  lccn={2001266545},
  series={Time-integrative Geographic Information Systems: Management and Analysis of Spatio-temporal Data},
  url={https://books.google.com/books?id=0Yvg\_PErYRkC},
  year={2001},
  publisher={Springer Berlin Heidelberg}
}

@article{peuquet95,
  added-at = {2011-08-15T00:00:00.000+0200},
  author = {Peuquet, Donna and Duan, Niu},
  title = {An Event-Based Spatiotemporal Data Model (ESTDM) for Temporal Analysis of Geographical Data.},
  ee = {http://dx.doi.org/10.1080/02693799508902022},
  journal = {International Journal of Geographical Information Systems},
  keywords = {dblp},
  number = 1,
  pages = {7-24},
  timestamp = {2011-08-16T11:34:38.000+0200},
  url = {http://dblp.uni-trier.de/db/journals/gis/gis9.html#PeuquetD95},
  volume = 9,
  year = 1995
}

@article{raza12,
  author = {Raza, Ale},
  title = {Working with Spatio-Temporal Data Type},
  journal = {International Archives of the Photogrammetry, Remote Sensing and Sptial Information Sciences},
  volume = {XXXiX-B2},
  pages = {5-10},
  year = 2012
}

@article{Pelekis:2004:LRS:1068515.1068516,
 author = {Pelekis, Nikos and Theodoulidis, Babis and Kopanakis, Ioannis and Theodoridis, Yannis},
 title = {Literature Review of Spatio-temporal Database Models},
 journal = {Knowl. Eng. Rev.},
 issue_date = {September 2004},
 volume = {19},
 number = {3},
 month = sep,
 year = {2004},
 issn = {0269-8889},
 pages = {235--274},
 numpages = {40},
 url = {http://dx.doi.org/10.1017/S026988890400013X},
 doi = {10.1017/S026988890400013X},
 acmid = {1068516},
 publisher = {Cambridge University Press},
 address = {New York, NY, USA},
}
