
@misc{_pii:_????,
	title = {{PII:} S0097-8493(99)00103-X - 1-s2.0-{S009784939900103X-main.pdf}},
	url = {http://ac.els-cdn.com/S009784939900103X/1-s2.0-S009784939900103X-main.pdf?_tid=ec2ee686-e963-11e2-834d-00000aab0f02&acdnat=1373462795_872c4a41fb3270620898dd2d38c5caec},
	urldate = {2013-07-10}
},

@misc{_infospot:_????,
	title = {{InfoSPOT:} A mobile Augmented Reality method for accessing building information through a situation awareness approach - 1-s2.0-S0926580512001513-main.pdf},
	url = {http://ac.els-cdn.com/S0926580512001513/1-s2.0-S0926580512001513-main.pdf?_tid=dd6383d2-e963-11e2-8b90-00000aab0f26&acdnat=1373462770_139257aba12db1308f72adca5c8985aa},
	urldate = {2013-07-10}
},

@article{hegarty_dissociation_2001,
	title = {A dissociation between object manipulation spatial ability and spatial orientation ability},
	volume = {29},
	copyright = {Springer-Verlag},
	issn = {1532-5946},
	url = {http://nmr.mgh.harvard.edu/mkozhevnlab/wp-content/uploads/pdfs/dissosiation_betwwen2001.pdf},
	doi = {10.3758/BF03200477},
	language = {english},
	number = {5},
	urldate = {2013-08-06},
	journal = {Memory \& Cognition},
	author = {Hegarty, Mary and Kozhevnikov, Maria},
	year = {2001},
	keywords = {bachelor, cognition, memory, perspective taking, studie},
	pages = {175--191}
},

@misc{_sifteo_????,
	title = {Sifteo Cubes - Intelligent Play},
	url = {http://www.sifteo.com},
	abstract = {The intelligent game system for truly hands-on play.},
	urldate = {2012-10-21},
	journal = {Sifteo},
	keywords = {block, business, computer, cube, game, gestural, hci, interaction, interface, lab, learning, media, mit, play, research, siftable, siftables, sifteo, tangible, technology, video game}
},

@misc{_sigchi_????,
	title = {{SIGCHI} Conference Paper Format - p363-orlosky.pdf},
	url = {http://delivery.acm.org/10.1145/2450000/2449443/p363-orlosky.pdf?ip=141.54.159.67&acc=ACTIVE%20SERVICE&key=C2716FEBFA981EF13FEC4DE8E3FBCF3E1552BC8DB8290C3F&CFID=346271246&CFTOKEN=81239429&__acm__=1373462797_8a32cceadc0ccf3276f528f787cf7390},
	urldate = {2013-07-10}
},

@article{cockburn_review_2009,
	title = {A review of overview+detail, zooming, and focus+context interfaces},
	volume = {41},
	issn = {0360-0300},
	url = {http://delivery.acm.org/10.1145/1460000/1456652/a2-cockburn.pdf?ip=141.54.159.67&id=1456652&acc=ACTIVE%20SERVICE&key=C2716FEBFA981EF13FEC4DE8E3FBCF3E1552BC8DB8290C3F&CFID=238028478&CFTOKEN=46449595&__acm__=1375832497_00128552a4520bf12a70249dd86d3a0e},
	doi = {10.1145/1456650.1456652},
	abstract = {There are many interface schemes that allow users to work at, and move between, focused and contextual views of a dataset. We review and categorize these schemes according to the interface mechanisms used to separate and blend views. The four approaches are overview+detail, which uses a spatial separation between focused and contextual views; zooming, which uses a temporal separation; focus+context, which minimizes the seam between views by displaying the focus within the context; and cue-based techniques which selectively highlight or suppress items within the information space. Critical features of these categories, and empirical evidence of their success, are discussed. The aim is to provide a succinct summary of the state-of-the-art, to illuminate both successful and unsuccessful interface strategies, and to identify potentially fruitful areas for further work.},
	number = {1},
	urldate = {2012-10-19},
	journal = {{ACM} Comput. Surv.},
	author = {Cockburn, Andy and Karlson, Amy and Bederson, Benjamin B.},
	month = jan,
	year = {2009},
	keywords = {fisheye views, focus+context, Information display, information visualization, overview+detail, review paper, zoomable user interfaces},
	pages = {2:1–2:31}
},

@misc{_doi:10.1016/j.cag.2003.09.001_????,
	title = {doi:10.1016/j.cag.2003.09.001 - 1-s2.0-{S009784930300178X-main.pdf}},
	url = {http://ac.els-cdn.com/S009784930300178X/1-s2.0-S009784930300178X-main.pdf?_tid=fe81ded8-e963-11e2-ab87-00000aab0f01&acdnat=1373462825_f81dd1baf3b42337a73b92e3c1934d7b},
	urldate = {2013-07-10}
},

@misc{_wikitude_2013,
	title = {Wikitude - The World's leading Augmented Reality {SDK}},
	copyright = {2013 Wikitude {GmbH}},
	url = {http://www.wikitude.com/},
	abstract = {The Wikitude augmented reality {SDK} is used by independent developers and major brands alike. Get started with your {AR} project today!},
	urldate = {2013-07-14},
	publisher = {2013 Wikitude {GmbH}},
	year = {2013}
},

@article{schoning_improving_2009,
	title = {Improving the communication of spatial information in crisis response by combining paper maps and mobile devices},
	url = {http://www.springerlink.com/index/w05104q082233141.pdf},
	urldate = {2012-10-30},
	journal = {Mobile Response},
	author = {Schöning, J. and Rohs, M. and Krüger, A. and Stasch, C.},
	year = {2009},
	pages = {57–65}
},

@article{schafer_supporting_2007,
	title = {Supporting community emergency management planning through a geocollaboration software architecture},
	volume = {16},
	url = {http://www.springerlink.com/index/gg421lp0617415n2.pdf},
	number = {4},
	urldate = {2012-10-30},
	journal = {Computer Supported Cooperative Work ({CSCW)}},
	author = {Schafer, W. A. and Ganoe, C. H. and Carroll, J. M.},
	year = {2007},
	keywords = {collaboration architecture, Emergency management, emergency planning, Geocollaboration, software design},
	pages = {501–537}
},

@misc{dutra_ifd:collaborative_2013,
	title = {{IFD:Collaborative} Mobile Media {SS13} - Medien Wiki},
	url = {http://www.uni-weimar.de/medien/wiki/IFD:Collaborative_Mobile_Media_SS13},
	language = {english},
	urldate = {2013-07-14},
	author = {Dutra, Joatan Preis},
	year = {2013}
},

@misc{_statistics_????,
	title = {Statistics for {HCI} Research: Statistics for {HCI} Research},
	url = {http://yatani.jp/HCIstats/HomePage},
	urldate = {2013-06-23}
},

@misc{_gold_????,
	title = {Gold {AR} Stickers Campaign - {YouTube}},
	url = {http://www.youtube.com/watch?feature=player_embedded&v=TIwBYvJ92-8},
	urldate = {2013-07-10}
},

@misc{_kiyoshi_????,
	title = {Kiyoshi Kiyokawa - Google Scholar Citations},
	url = {http://scholar.google.de/citations?user=Za5kSocAAAAJ&hl=en&oi=ao},
	urldate = {2013-07-10}
},

@misc{_box_????,
	title = {Box plot - Wikipedia, the free encyclopedia},
	url = {http://en.wikipedia.org/wiki/Box_plot},
	urldate = {2013-06-24}
},

@misc{_rettungspunkt_we5890.png_????,
	title = {{Rettungspunkt\_WE5890.png} ({PNG} Image, 81 × 51 pixels) - Scaled (0\%)},
	url = {http://www.thueringenforst.de/Symbole/Rettungspunkt_WE5890.png},
	urldate = {2012-11-19}
},

@misc{_moving_????,
	title = {Moving from Java to Scala - One year later... {\textbar} Javalobby},
	url = {http://java.dzone.com/articles/moving-java-scala-one-year},
	urldate = {2013-07-12},
	note = {x}
},

@inproceedings{burrell_designing_2000,
	address = {New York, {NY}, {USA}},
	series = {{CUU} '00},
	title = {Designing for context: usability in a ubiquitous environment},
	isbn = {1-58113-314-6},
	shorttitle = {Designing for context},
	url = {http://doi.acm.org/10.1145/355460.355477},
	doi = {10.1145/355460.355477},
	abstract = {Freeing users from the desktop is now a practical reality in many environments. The implications for mobility are both far-reaching and under-realized in many of the current scenarios we have seen. Our work has focused on the integration of user input into the iterative design process used to develop a contextually aware application for use in an educational environment. We discuss the design and development of Semaphore, a contextually aware tool for use in wireless networked environments, and the unique opportunities an iterative design process presents for our work.},
	urldate = {2012-10-25},
	booktitle = {Proceedings on the 2000 conference on Universal Usability},
	publisher = {{ACM}},
	author = {Burrell, Jenna and Treadwell, Paul and Gay, Geri K.},
	year = {2000},
	keywords = {context-aware computing, context-aware computing, mobile computing, social navigation},
	pages = {80–84}
},

@article{yuan_intelligent_2005,
	title = {Intelligent mobile crisis response systems},
	volume = {48},
	issn = {0001-0782},
	url = {http://doi.acm.org/10.1145/1042091.1042097},
	doi = {10.1145/1042091.1042097},
	abstract = {Systems to help coordinate responder communication and response efforts in order to minimize the threat to human life and damage to property.},
	number = {2},
	urldate = {2012-11-02},
	journal = {Commun. {ACM}},
	author = {Yuan, Yufei and Detlor, Brian},
	month = feb,
	year = {2005},
	pages = {95–98}
},

@misc{_statistische_????,
	title = {Statistische Versuchsplanung – Wikipedia},
	url = {http://de.wikipedia.org/wiki/Statistische_Versuchsplanung},
	urldate = {2013-06-24}
},

@misc{_interactive_2013,
	address = {72 Allen St, New York, {NY}, {USA}},
	title = {Interactive Walking Tours {\textbar} Scavenger Hunts \& Events - Stray Boots},
	copyright = {Stray Boots Inc},
	url = {https://www.strayboots.com/},
	urldate = {2013-07-14},
	publisher = {Stray Boots Inc},
	month = jul,
	year = {2013}
},

@misc{_bauhaus-universitat_????,
	title = {Bauhaus-Universität Weimar: Research},
	url = {http://www.uni-weimar.de/de/medien/professuren/vr/research/},
	urldate = {2013-07-11}
},

@inproceedings{stubblefield_patterns_1998,
	title = {Patterns of change in design metaphor: a case study},
	shorttitle = {Patterns of change in design metaphor},
	url = {http://dl.acm.org/citation.cfm?id=274656},
	urldate = {2012-10-25},
	booktitle = {Proceedings of the {SIGCHI} conference on Human factors in computing systems},
	author = {Stubblefield, W. A.},
	year = {1998},
	pages = {73–80}
},

@misc{_design_2013,
	title = {Design {\textbar} Android Developers},
	url = {http://developer.android.com/design/index.html},
	urldate = {2013-07-14},
	month = jul,
	year = {2013}
},

@misc{_fema_????,
	title = {{FEMA}},
	url = {http://fema.maps.arcgis.com/home/},
	urldate = {2012-10-30}
},

@misc{_hateya_????,
	title = {Hateya Uses Augmented Reality Glasses To Help Firefighters Escape Burning Buildings {\textbar} {TechCrunch}},
	url = {http://techcrunch.com/2013/07/09/hateya-uses-augmented-reality-glasses-to-help-firefighters-escape-burning-buildings/},
	urldate = {2013-07-10}
},

@inproceedings{tomaszewski_geovisual_2007,
	title = {Geovisual analytics and crisis management},
	url = {http://www.personal.psu.edu/acr181/ISCRAM_2007_Accepted.pdf},
	urldate = {2012-10-31},
	booktitle = {In Proc. 4th International Information Systems for Crisis Response and Management ({ISCRAM)} Conference, Delft, the Netherlands},
	author = {Tomaszewski, B. M. and Robinson, A. C. and Weaver, C. and Stryker, M. and {MacEachren}, A. M.},
	year = {2007}
},

@techreport{spensberger_projektdokumentation_2012,
	title = {Projektdokumentation Tangible Pointers},
	copyright = {Bauhaus-Universität Weimar},
	shorttitle = {Tangible Pointers},
	url = {http://www.uni-weimar.de/cms/medien/usability/teaching/tangible-pointers.html},
	language = {german},
	urldate = {2013-08-06},
	institution = {Bauhaus-Universität Weimar},
	author = {Spensberger, Dora and Lutter, Hans-Ulrich and Kohlberg, Tom},
	month = nov,
	year = {2012},
	keywords = {arrow, bachelor, dora, grundlagen, halo, tangible pointers, wedge}
},

@inproceedings{baudisch_halo:_2003,
	title = {Halo: a technique for visualizing off-screen objects},
	shorttitle = {Halo},
	url = {http://dl.acm.org/citation.cfm?id=642695},
	urldate = {2012-10-19},
	booktitle = {Proceedings of the {SIGCHI} conference on Human factors in computing systems},
	author = {Baudisch, P. and Rosenholtz, R.},
	year = {2003},
	keywords = {bachelor, dora, grundlagen, interview, pointer, studie, swiftlets},
	pages = {481–488}
},

@inproceedings{rohs_map_2007,
	title = {Map navigation with mobile devices: virtual versus physical movement with and without visual context},
	shorttitle = {Map navigation with mobile devices},
	url = {http://dl.acm.org/citation.cfm?id=1322219},
	urldate = {2012-11-02},
	booktitle = {Proceedings of the 9th international conference on Multimodal interfaces},
	author = {Rohs, M. and Schöning, J. and Raubal, M. and Essl, G. and Krüger, A.},
	year = {2007},
	pages = {146–153}
},

@book{gabler_fertig_1999,
	title = {Fertig ausgearbeitete Schulungsbausteine für die laufende Ausbildung bei der Freiwilligen Feuerwehr},
	isbn = {9783827694454},
	language = {de},
	publisher = {{WEKA} Media {GmbH} \& Co. {KG}},
	author = {Gabler, Wolfgang and Gabler, Jürgen Wohlrab, Wolfgang},
	year = {1999}
},

@misc{_high_????,
	title = {High School Mathematics {Extensions/Discrete} Probability - Wikibooks, open books for an open world},
	url = {http://en.wikibooks.org/wiki/High_School_Mathematics_Extensions/Discrete_Probability},
	urldate = {2012-11-24}
},

@misc{_einsatzleiter_2013,
	title = {Einsatzleiter},
	copyright = {Creative Commons Attribution-{ShareAlike} License},
	url = {http://de.wikipedia.org/w/index.php?title=Einsatzleiter&oldid=116811507},
	abstract = {Der Einsatzleiter ({EL)} ist eine Person, die den Einsatz im Schadens- oder Übungsfall organisatorisch-taktisch sowie politisch und/oder rechtlich verantwortlich führt. Je nach Umfang des Einsatzes und tatsächlicher Notwendigkeit wird er durch eine Führungsunterstützung ergänzt und bildet eine Einsatzleitung.},
	language = {de},
	urldate = {2013-08-15},
	journal = {Wikipedia},
	month = jul,
	year = {2013},
	note = {Page Version {ID:} 116811507}
},

@article{_scala-based_????,
	title = {A Scala-Based Actor-Entity Architecture for Intelligent Interactive Simulations},
	url = {http://sci-hub.org/pdfcache/0b385e0cdf36b82ff447e4efeb0b3c2f.pdf},
	urldate = {2013-07-12}
},

@misc{_scvngr_2013,
	address = {Boston, {MA} 02114},
	title = {{SCVNGR}},
	copyright = {{SCVNGR}},
	url = {http://www.scvngr.com/},
	urldate = {2013-07-14},
	publisher = {{SCVNGR}},
	month = jul,
	year = {2013}
},

@inproceedings{herold_integrating_2005,
	title = {Integrating geographic information systems, spatial databases and the internet: a framework for disaster management},
	shorttitle = {Integrating geographic information systems, spatial databases and the internet},
	url = {http://www.geomatics.uottawa.ca/docs/Herold_CIG2005_forWeb.pdf},
	abstract = {At the global scale, high magnitude – low frequency natural disasters are a damaging phenomenon. 
There is growing recognition that successful disaster response strategies depend upon access to real-time spatial data/information that can be effectively utilized by not only relief agencies but also by local decision makers. Currently, many local and regional authorities are developing  eographic information system ({GIS)} - based spatial decision support systems ({SDSS)} in order to improve local disaster response and management capacity. Although such systems are useful, the evidence is that they tend to lack interoperability, and they require substantial {GIS/technical} knowledge through each of the design, development and implementation stages. Moreover, their creation and maintenance requires significant human and financial resources, and frequently access to information derived from such systems is very limited during the disaster response phase.},
	urldate = {2012-10-30},
	booktitle = {Proceedings of the 98 th Annual Canadian Institute of Geomatics Conference},
	author = {Herold, S. and Sawada, M. and Wellar, B.},
	year = {2005},
	pages = {13–15}
},

@misc{_deskriptive_????,
	title = {Deskriptive Statistik – Wikipedia},
	url = {http://de.wikipedia.org/wiki/Deskriptive_Statistik},
	urldate = {2013-06-24}
},

@inproceedings{gustafson_wedge:_2008,
	title = {Wedge: clutter-free visualization of off-screen locations},
	shorttitle = {Wedge},
	url = {http://dl.acm.org/citation.cfm?id=1357179},
	urldate = {2012-10-19},
	booktitle = {Proceedings of the twenty-sixth annual {SIGCHI} conference on Human factors in computing systems},
	author = {Gustafson, S. and Baudisch, P. and Gutwin, C. and Irani, P.},
	year = {2008},
	keywords = {bachelor, pointer, swiftlets, wedge},
	pages = {787–796}
},

@misc{_anova_????,
	title = {The {ANOVA}},
	url = {http://isogenic.info/html/the_anova.html},
	urldate = {2013-06-23}
},

@inproceedings{looije_usability_2007,
	address = {New York, {NY}, {USA}},
	series = {Mobility '07},
	title = {Usability engineering for mobile maps},
	isbn = {978-1-59593-819-0},
	url = {http://doi.acm.org/10.1145/1378063.1378150},
	doi = {10.1145/1378063.1378150},
	abstract = {Many applications for mobile devices make use of maps, but because interaction with these maps can be laborious the applications are often hard to use. Therefore, the usability of maps on mobile devices must be improved. In this paper we review the research that has been done to solve technical, environmental, and social challenges of mobile map use. We will discuss interaction, visualization, and adaptive user support for maps on mobile devices. We propose usability engineering as the method that should be used when developing maps for mobile applications.},
	urldate = {2012-10-30},
	booktitle = {Proceedings of the 4th international conference on mobile technology, applications, and systems and the 1st international symposium on Computer human interaction in mobile technology},
	publisher = {{ACM}},
	author = {Looije, Rosemarijn and te Brake, Guido M. and Neerincx, Mark A.},
	year = {2007},
	keywords = {geospatial systems, mobile devices, usability engineering},
	pages = {532–539}
},

@misc{goel_introduction_????,
	title = {Introduction to Probability Theory - Descriptive Datatypes},
	url = {http://simplifyingstats.com/data/DescriptiveDatatypes.pdf},
	urldate = {2013-06-24},
	author = {Goel, Mansi and Shankar, Akshat},
	note = {Presentation}
},

@misc{_pii:_????-1,
	title = {{PII:} S0097-8493(01)00122-4 - 1-s2.0-S0097849301001224-main.pdf},
	url = {http://ac.els-cdn.com/S0097849301001224/1-s2.0-S0097849301001224-main.pdf?_tid=1cd0290e-e963-11e2-aed9-00000aacb360&acdnat=1373462447_d2bb639294c9bb331da3733db094d86e},
	urldate = {2013-07-10}
},

@misc{_waldbrand_2012,
	title = {Waldbrand},
	copyright = {Creative Commons Attribution-{ShareAlike} License},
	url = {http://de.wikipedia.org/w/index.php?title=Waldbrand&oldid=109195960},
	abstract = {Ein Waldbrand ist ein Brand in bewaldetem Gebiet. Wenn keine geeignete Brandbekämpfung erfolgt, entwickeln Waldbrände sich schnell zu Flächenbränden. Waldbrände entstehen meist während Trockenperioden und sind wegen ihrer hohen Ausbreitungsgeschwindigkeit gefährlich für Mensch und Tier.},
	language = {de},
	urldate = {2012-11-22},
	journal = {Wikipedia},
	month = nov,
	year = {2012},
	note = {Page Version {ID:} 109195960}
},

@book{thomas_illuminating_2005,
	address = {Los Alamitos, Calif.},
	title = {Illuminating the path},
	isbn = {0769523234 9780769523231},
	url = {http://nvac.pnl.gov/agenda.stm#book},
	language = {English},
	urldate = {2013-08-15},
	publisher = {{IEEE} Computer Society},
	author = {Thomas, J. J and Cook, Kristin A and {National Visualization and Analytics Center}},
	year = {2005}
},

@inproceedings{bier_toolglass_1993,
	address = {New York, {NY}, {USA}},
	series = {{SIGGRAPH} '93},
	title = {Toolglass and magic lenses: the see-through interface},
	isbn = {0-89791-601-8},
	shorttitle = {Toolglass and magic lenses},
	url = {http://doi.acm.org/10.1145/166117.166126},
	doi = {10.1145/166117.166126},
	urldate = {2013-08-15},
	booktitle = {Proceedings of the 20th annual conference on Computer graphics and interactive techniques},
	publisher = {{ACM}},
	author = {Bier, Eric A. and Stone, Maureen C. and Pier, Ken and Buxton, William and {DeRose}, Tony D.},
	year = {1993},
	keywords = {button, control panel, lens, macro, menu, multi-hand, transparent, viewing filter},
	pages = {73–80}
},

@misc{_ieee_????,
	title = {{IEEE} Xplore Download},
	url = {http://ieeexplore.ieee.org.sci-hub.org/stamp/stamp.jsp?tp=&arnumber=6231175},
	urldate = {2013-07-12}
},

@misc{_bundesamt_????,
	title = {Bundesamt für Bevölkerungsschutz und Katastrophenhilfe - Archiv},
	url = {http://www.bbk.bund.de/DE/Service/Publikationen/BS-Magazin/Archiv/BS-Archiv_node.html},
	urldate = {2012-12-06}
},

@article{currion_open_2007,
	title = {Open source software for disaster management},
	volume = {50},
	url = {http://dl.acm.org/citation.cfm?id=1226768},
	number = {3},
	urldate = {2012-10-30},
	journal = {Communications of the {ACM}},
	author = {Currion, P. and Silva, C. and Van de Walle, B.},
	year = {2007},
	pages = {61–65}
},

@misc{_google_????,
	title = {Google Translate},
	url = {http://translate.google.com/translate?sl=ja&tl=en&js=n&prev=_t&hl=en&ie=UTF-8&u=http%3A%2F%2Fjapanese.engadget.com%2F2012%2F11%2F09%2Fkinect-for-windows-kinect-fusion-3d%2F&act=url},
	urldate = {2013-07-10}
},

@misc{_goetheschiller_2013,
	title = {{Goethe–Schiller} Monument},
	copyright = {Creative Commons Attribution-{ShareAlike} License},
	url = {http://en.wikipedia.org/w/index.php?title=Goethe%E2%80%93Schiller_Monument&oldid=561123420},
	abstract = {The original {Goethe–Schiller} Monument (German: Goethe-Schiller-Denkmal) is in Weimar, Germany. It incorporates Ernst Rietschel's 1857 bronze double statue of Johann Wolfgang Goethe (1749–1832) and Friedrich Schiller (1759–1805), who are probably the two most revered figures in German literature.[1][2] The monument has been described recently "as one of the most famous and most beloved monuments in all of Germany"[3] and as the beginning of a "cult of the monument".[4] Dozens of monuments to Goethe and to Schiller were built subsequently in Europe and the United States.[5]},
	language = {en},
	urldate = {2013-07-14},
	journal = {Wikipedia, the free encyclopedia},
	month = jul,
	year = {2013},
	note = {Page Version {ID:} 561123420}
},

@misc{_halloumi_????,
	title = {Halloumi auf geschmorten Auberginen und Tomaten mit frischem Koriander},
	url = {http://www.kochhaus.de/products-page/},
	urldate = {2012-10-22},
	journal = {Kochhaus.de - das begehbare Rezeptbuch in Berlin}
},

@article{dymon_analysis_2003,
	title = {An analysis of emergency map symbology},
	volume = {1},
	url = {http://inderscience.metapress.com/index/3rm4e314j8kqf8dh.pdf},
	number = {3},
	urldate = {2012-10-30},
	journal = {International Journal of Emergency Management},
	author = {Dymon, U. J.},
	year = {2003},
	pages = {227–237}
},

@misc{_99-22.pdf_????,
	title = {99-22.pdf},
	url = {ftp://ftp.cc.gatech.edu/pub/gvu/tr/1999/99-22.pdf},
	urldate = {2013-07-13}
},

@misc{_inciweb_????,
	title = {{InciWeb} the Incident Information System: Whitewater Baldy Complex Large Map},
	url = {http://www.inciweb.org/incident/map/2870/17/},
	urldate = {2012-10-29}
},

@misc{_bowman08.pdf_????,
	title = {bowman08.pdf},
	url = {http://www.cs.ucf.edu/courses/cap6121/spr13/readings/bowman08.pdf},
	urldate = {2013-07-10}
},

@misc{_interview_????,
	title = {Interview, Befragung, qualitatives Interview: offen oder stukturiert, Leitfaden - usability-toolkit.de},
	url = {http://usability-toolkit.de/usability/usability-methoden/interview/},
	urldate = {2012-11-07}
},

@inproceedings{burigat_visualizing_2006,
	title = {Visualizing locations of off-screen objects on mobile devices: a comparative evaluation of three approaches},
	shorttitle = {Visualizing locations of off-screen objects on mobile devices},
	url = {http://dl.acm.org/citation.cfm?id=1152266},
	urldate = {2012-10-19},
	booktitle = {Proceedings of the 8th conference on Human-computer interaction with mobile devices and services},
	author = {Burigat, S. and Chittaro, L. and Gabrielli, S.},
	year = {2006},
	keywords = {bachelor, pointer, swiftlets},
	pages = {239–246}
},

@misc{_skalenniveau_????,
	title = {Skalenniveau – Wikipedia},
	url = {http://de.wikipedia.org/wiki/Skalenniveau},
	urldate = {2013-06-24}
},

@misc{_decision_????,
	title = {{THE} {DECISION} {TREE} {FOR} {STATISTICS}},
	url = {http://www.microsiris.com/Statistical%20Decision%20Tree/default.htm},
	urldate = {2013-06-23}
},

@inproceedings{zellweger_city_2003,
	title = {City lights: contextual views in minimal space},
	isbn = {1581136374},
	shorttitle = {City lights},
	url = {http://dl.acm.org/citation.cfm?id=766022},
	doi = {10.1145/765891.766022},
	urldate = {2013-08-06},
	booktitle = {{CHI} {EA} '03},
	publisher = {{ACM} Press},
	author = {Zellweger, Polle T. and Mackinlay, Jock D. and Good, Lance and Stefik, Mark and Baudisch, Patrick},
	year = {2003},
	pages = {838}
},

@inproceedings{schoning_interaction_2006,
	title = {Interaction of mobile camera devices with physical maps},
	url = {http://ifgiweb.uni-muenster.de/~muellerj/publications/InteractionOfMobileCameraDevicesWithPhysicalMaps.pdf},
	urldate = {2012-11-02},
	booktitle = {Adjunct Proceeding of the Fourth International Conference on Pervasive Computing},
	author = {Schöning, J. and Krüger, A. and Müller, H. J.},
	year = {2006},
	pages = {121–124}
},

@inproceedings{del_galdo_new_1998,
	title = {A new user interface metaphor for mobile personal technologies},
	volume = {98},
	url = {http://www.psy.plymouth.ac.uk/research/jonmay/papers/papers/hci98cc/hci98.pdf#page=15},
	urldate = {2012-10-19},
	booktitle = {Adjunct Proceedings, {HCI}},
	author = {del Galdo, E. and Gough, P. and Jones, M. and Noble, R. and Stenton, P.},
	year = {1998}
},

@misc{_mmstat_de_????,
	title = {Mmstat\_de},
	url = {http://mars.wiwi.hu-berlin.de/mediawiki/mmstat_de/index.php/Hauptseite},
	urldate = {2013-06-23}
},

@book{eid_statistik_????,
	title = {Statistik und Forschungsmethoden},
	url = {http://www.beltz.de/de/psychologie/fachbuch/titel/statistik-und-forschungsmethoden.html},
	abstract = {Statistik und Forschungsmethoden zählen nicht zu den beliebtesten Fächern in der Psychologie, zu groß ist der Respekt vor ihnen. Jetzt liegt ein Lehrbuch vor, das Abhilfe schafft – anschaulich und nachvollziehbar werden die statistischen Verfahren dargestellt. Dabei sind viele Formeln notwendig, Rechenschritte werden aber immer in einzelnen Schritten erläutert und durch Beispiele und konkrete Anwendungen ergänzt. So leuchtet dem Leser ein, wozu Statistik gut ist – und wie sie funktioniert!},
	urldate = {2013-06-24},
	author = {Eid, Michael and Gollwitzer, Mario and Schmitt, Manfred},
	keywords = {Beltz, Beltz Verlag, Forschung, Forschungsmethoden, Michael Eid Mario Gollwitzer Manfred Schmitt, Quantitative Methoden, Statistik, Statistik und Forschungsmethoden, Verlag}
},

@misc{_u1_1-08-wald.qxp_????,
	title = {u1\_1-08-wald.qxp - bsmag\_1\_08.pdf},
	url = {http://www.bbk.bund.de/SharedDocs/Downloads/BBK/DE/Publikationen/Publ_magazin/bsmag_1_08.pdf?__blob=publicationFile},
	urldate = {2012-12-06}
},

@article{anderson_more_????,
	title = {More Is Different},
	volume = {117},
	url = {http://www.andersonlocalization.com/pdf/more_is_different.pdf},
	language = {english},
	number = {4},
	urldate = {2013-06-24},
	journal = {American Association for the Advancement of Science},
	author = {Anderson, Philip Warren},
	pages = {393--177}
},

@misc{halskov_madsen_guide_????,
	title = {A Guide to Metaphorical Design},
	url = {http://www.sprog.asb.dk/cg/metaphor/tekst/2/HALSKOV.HTM},
	abstract = {Currently there is a growing interest in addressing the role of metaphors in the design process. By addressing metaphorical design from an empirical, a methodological and a theoretical perspective, this paper provides the basis for a systematic guide to metaphorical design. Rather than using a structural or formal mapping definition of metaphor, a pragmatic approach is applied, emphasizing use of metaphor as a particular kind of "seeing as" governed by previous situations and examples rather than by rules and fixed categories.},
	urldate = {2012-10-25},
	author = {Halskov Madsen, Kim}
},

@misc{_knowledge-based_????,
	title = {Knowledge-based augmented reality - p53-feiner.pdf},
	url = {http://delivery.acm.org/10.1145/160000/159587/p53-feiner.pdf?ip=141.54.159.67&acc=ACTIVE%20SERVICE&key=C2716FEBFA981EF13FEC4DE8E3FBCF3E1552BC8DB8290C3F&CFID=346271246&CFTOKEN=81239429&__acm__=1373462817_27b909abbbaf95592b6c6b794643aaa2},
	urldate = {2013-07-10}
},

@misc{schoeningjohannes_interaction_2007,
	title = {Interaction of Mobile Camera Devices with physical maps},
	url = {http://www.youtube.com/watch?v=3HR0XkhWv6Q&feature=youtube_gdata_player},
	abstract = {raditional paper-based maps are still superior to their dig-
ital counterparts used on mobile devices in several ways. They provide
high-resolution, large-scale information with zero power consumption.
On the other hand digital maps provide personalized and dynamic infor-
mation on request, but suffer from small outer scales and low resolutions.
In this work we try to combine the advantages of both by using mo-
bile camera devices (such as smartphones ore {PDA)} as a map-referenced
magic lens that displays geo-referenced information on top of the physi-
cal map. We will mainly focus on the interaction schemes that arise from
using mobile camera devices with physical maps and briefly explain how
the device tracking over existing physical maps can be realized.
For more infos email me: j.schoening(at)uni-muenster.de},
	urldate = {2012-11-02},
	collaborator = {{{SchoeningJohannes}}},
	month = oct,
	year = {2007}
},

@misc{_-fun_????,
	title = {-Fun and Factual Science- {SCIEMENT}},
	url = {http://www.sciement.com/en/index.html},
	urldate = {2013-07-10}
},

@misc{_statistics_????-1,
	title = {Statistics for {HCI} Research: Normality and Data transformation},
	url = {http://yatani.jp/HCIstats/DataTransformation},
	urldate = {2013-06-23}
},

@misc{_infinity_????,
	title = {{THE} {INFINITY} {AUGMENTED} {REALITY} {CONCEPT} {VIDEO} - {YouTube}},
	url = {http://www.youtube.com/watch?v=8GcYWdg81BQ},
	urldate = {2013-07-10}
},

@misc{_action_2013,
	title = {Action Bar {\textbar} Android Developers},
	url = {http://developer.android.com/design/patterns/actionbar.html},
	urldate = {2013-07-12},
	journal = {Action Bar {\textbar} Android Developers},
	month = jul,
	year = {2013}
},

@inproceedings{young_use_1987,
	address = {New York, {NY}, {USA}},
	series = {{CHI} '87},
	title = {The use of scenarios in human-computer interaction research: turbocharging the tortoise of cumulative science},
	isbn = {0-89791-213-6},
	shorttitle = {The use of scenarios in human-computer interaction research},
	url = {http://doi.acm.org/10.1145/29933.275645},
	doi = {10.1145/29933.275645},
	abstract = {A scenario is an idealised but detailed description of a specific instance of human-computer interaction ({HCI).} A set of scenarios can be used as a “filter bank” to weed out theories whose scope is too narrow for them to apply to many real {HCI} situations. By helping redress the balance between generality and accuracy in theories derived from cognitive psychology, this use of scenarios (1) allows the researcher to build on empirical findings already established while avoiding the tar-pits associated with the experimental methodology, (2) enables the researcher to consider a range of phenomena in a single study, thereby directly addressing the question of the scope of the theory, and (3) ensures that the resulting theory will be applicable in {HCI} contexts.},
	urldate = {2013-08-15},
	booktitle = {Proceedings of the {SIGCHI/GI} Conference on Human Factors in Computing Systems and Graphics Interface},
	publisher = {{ACM}},
	author = {Young, Richard M. and Barnard, Phil},
	year = {1987},
	keywords = {methodology, research strategy, scenarios, scope and accuracy of models},
	pages = {291–296}
},

@inproceedings{san_agustin_evaluation_2010,
	address = {New York, {NY}, {USA}},
	series = {{ETRA} '10},
	title = {Evaluation of a low-cost open-source gaze tracker},
	isbn = {978-1-60558-994-7},
	url = {http://doi.acm.org/10.1145/1743666.1743685},
	doi = {10.1145/1743666.1743685},
	abstract = {This paper presents a low-cost gaze tracking system that is based on a webcam mounted close to the user's eye. The performance of the gaze tracker was evaluated in an eye-typing task using two different typing applications. Participants could type between 3.56 and 6.78 words per minute, depending on the typing system used. A pilot study to assess the usability of the system was also carried out in the home of a user with severe motor impairments. The user successfully typed on a wall-projected interface using his eye movements.},
	urldate = {2012-10-19},
	booktitle = {Proceedings of the 2010 Symposium on Eye-Tracking Research \&\#38; Applications},
	publisher = {{ACM}},
	author = {San Agustin, Javier and Skovsgaard, Henrik and Mollenbach, Emilie and Barret, Maria and Tall, Martin and Hansen, Dan Witzner and Hansen, John Paulin},
	year = {2010},
	keywords = {augmentative and alternative communication, gaze interaction, gaze typing, low cost, off-the-shelf components},
	pages = {77–80}
},

@inproceedings{karkkainen_designing_2002,
	address = {New York, {NY}, {USA}},
	series = {{NordiCHI} '02},
	title = {Designing for small display screens},
	isbn = {1-58113-616-1},
	url = {http://doi.acm.org/10.1145/572020.572052},
	doi = {10.1145/572020.572052},
	abstract = {Wireless access to the Internet via {PDAs} (personal digital assistants) provides Web type services in the mobile world. What we are lacking are design guidelines for such {PDA} services. For Web publishing, however, there are many resources to look for guidelines. The guidelines can be classified according to which aspect of the Web media they are related: software/hardware, content and its organization, or aesthetics and layout. In order to be applicable to {PDA} services, these guidelines have to be modified. In this paper we analyze the main characteristics of {PDAs} and their influence to the guidelines.},
	urldate = {2012-10-25},
	booktitle = {Proceedings of the second Nordic conference on Human-computer interaction},
	publisher = {{ACM}},
	author = {Kärkkäinen, Lari and Laarni, Jari},
	year = {2002},
	keywords = {context-aware computing, guidelines, personal digital assistant, world wide web},
	pages = {227–230}
},

@misc{_mittelwert_????,
	title = {Mittelwert – Wikipedia},
	url = {http://de.wikipedia.org/wiki/Mittelwert},
	urldate = {2013-06-24}
},

@misc{_100_????,
	title = {100 Feuerwehrleute gegen Waldbrand im Holzland im Einsatz {\textbar} Thüringer Allgemeine},
	url = {http://www.thueringer-allgemeine.de/web/zgt/leben/blaulicht/detail/-/specific/100-Feuerwehrleute-gegen-Waldbrand-im-Holzland-im-Einsatz-1725944545},
	abstract = {Ein großflächiger Waldbrand bei Hainspitz hat Freitag Abend einen Großeinsatz der Feuerwehren im Saale-Holzland-Landkreis ausgelöst. Gegen 19 Uhr waren zirka 100 Kameraden zur Brandbekämpfung alarmiert. Agrargenossenschaften mussten bei den schwierigen Löscharbeiten mit Tankwagen helfen.},
	urldate = {2012-11-29},
	keywords = {abendstunden, eisenberg, feuerwehren, feuerwehrleute, feuerwehrleute gegen waldbrand, feuerwehrleute zum einsatz, frank kalla, hainspitzer flur, hektar vom feuer, kameraden, kameraden vor ort, kreisgebiet, löscharbeiten, luft löschangriffe, ortschaften hainspitz, polizeihubschrauber, teile des waldes, unglücksort, waldbrand}
},

@misc{_one_????,
	title = {One Per Cent: {'Pinch-and-paste'} app boosts your interior design skills},
	url = {http://www.newscientist.com/blogs/onepercent/2012/12/pinch-and-paste-textures.html},
	urldate = {2013-07-10}
},

@misc{_black_????,
	title = {Black Ice Geospatial {LLC}},
	url = {http://blackicegeospatial.com/},
	urldate = {2012-10-29}
},

@misc{_prophet_????,
	title = {{PROPHET} {StatGuide:} Do your data violate one-way {ANOVA} assumptions?},
	url = {http://www.basic.northwestern.edu/statguidefiles/oneway_anova_ass_viol.html},
	urldate = {2013-06-23}
},

@misc{_homeland_security_final_version.pdf_????,
	title = {homeland\_security\_final\_version.pdf},
	url = {http://www.bitkom.org/files/documents/homeland_security_final_version.pdf},
	urldate = {2012-12-06}
},

@misc{_invisible_????,
	title = {An invisible head marker tracking system for indoor mobile augmented reality - 1-s2.0-S0926580512001604-main.pdf},
	url = {http://ac.els-cdn.com/S0926580512001604/1-s2.0-S0926580512001604-main.pdf?_tid=cb342e82-e963-11e2-aad2-00000aacb361&acdnat=1373462739_16d3332a4be715994d128a2e8a188e10},
	urldate = {2013-07-10}
},

@misc{schmidtner_nachhaltige_2009,
	title = {Nachhaltige Landwirtschaft und Ökologischer Landbau im Bericht des Weltagrarrates (International Assessment of Agricultural Knowledge, Science and Technology for Development, {IAASTD} 2008)},
	url = {http://orgprints.org/15924/},
	abstract = {Zentrales Ziel des Vorhabens war, wesentliche Aussagen und Ergebnisse des {IAASTD} Berichtes (International Assessment of Agricultural Knowledge, Science and Technology for Development – Abschluss-Berichte der Plenarversammlung in Johannesburg, April 2008, verfügbar unter: {http://www.agassessment.org/index.cfm?Page=IAASTD\%20Reports\&ItemID=2713)} im Hinblick auf nachhaltige Landnutzung und den ökologischen Landbau kompakt und verständlich aufzubereiten und so einen Beitrag zum Wissenstransfer zu leisten. Der weltweite Blickwinkel des Berichts des Weltagrarrates sollte beibehalten werden, jedoch spezifisch für den deutschen Sprachraum nutzbar gemacht werden.
Im Rahmen des Projektes waren die Fragestellungen für den Ökolandbau zusammenzufassen und Schlussfolgerungen zu liefern. Zielgruppe sind dabei die interessierte Öffentlichkeit sowie Fachleute in Verbänden, Politik, Wissenschaft und Verwaltung die sich mit der Gestaltung von Politik für eine nachhaltige Landwirtschaft und den ökologischen Landbau auseinandersetzen. Es soll ebenfalls als Grundlage für die Arbeiten des {BMELV} nutzbar sein.},
	urldate = {2012-10-19},
	author = {Schmidtner, Eva and Dabbert, Stephan},
	year = {2009}
},

@book{sudmersen_standard-einsatz-regeln:_2008,
	title = {Standard-Einsatz-Regeln: Wald- und Flächenbrandbekämpfung},
	isbn = {9783609698243},
	shorttitle = {Standard-Einsatz-Regeln},
	language = {de},
	publisher = {Hüthig Jehle Rehm},
	author = {Südmersen, Jan and Cimolino, Ulrich and Neumann, Nicolas},
	month = dec,
	year = {2008}
},

@article{hegarty_dissociation_2003,
	title = {A dissociation between mental rotation and perspective-taking spatial abilities},
	volume = {32},
	issn = {0160-2896},
	url = {http://www.sciencedirect.com/science/article/pii/S0160289603001260},
	doi = {10.1016/j.intell.2003.12.001},
	urldate = {2013-08-06},
	author = {Hegarty, Mary and Waller, David},
	year = {2003},
	keywords = {bachelor, Dissociation, mental rotation, perspective taking, studie},
	pages = {175 -- 191}
},

@inproceedings{rohs_towards_2007,
	title = {Towards real-time markerless tracking of magic lenses on paper maps},
	url = {http://reference.kfupm.edu.sa/content/t/o/towards_real_time_markerless_tracking_of_65040.pdf},
	urldate = {2012-10-31},
	booktitle = {Adjunct Proceedings of the 5th Intl. Conference on Pervasive Computing (Pervasive), Late Breaking Results},
	author = {Rohs, M. and Schöning, J. and Krüger, A. and Hecht, B.},
	year = {2007},
	pages = {69–72}
},

@misc{_vertrieb_????,
	title = {Vertrieb Topographische Landeskartenwerke - v6.5},
	url = {http://www.thueringen.de/de/tlvermgeo/geoshop/index.asp?cat=1&map=TK10&sheet=_4934-SO},
	urldate = {2012-10-30}
},

@book{thomas_illuminating_????,
	title = {Illuminating the Path: The Research and Development Agenda for Visual Analytics},
	url = {http://vis.pnnl.gov/pdf/RD_Agenda_VisualAnalytics.pdf},
	urldate = {2013-08-15},
	author = {Thomas, James J. and Cook, Kristin A.}
},

@article{keim_visual_2008,
	title = {Visual analytics: Scope and challenges},
	shorttitle = {Visual analytics},
	url = {http://www.springerlink.com/index/5275180H84863347.pdf},
	urldate = {2012-11-02},
	journal = {Visual Data Mining},
	author = {Keim, D. and Mansmann, F. and Schneidewind, J. and Thomas, J. and Ziegler, H.},
	year = {2008},
	pages = {76–90}
},

@inproceedings{buring_usability_2006,
	address = {New York, {NY}, {USA}},
	series = {{AVI} '06},
	title = {Usability of overview-supported zooming on small screens with regard to individual differences in spatial ability},
	isbn = {1-59593-353-0},
	url = {http://doi.acm.org/10.1145/1133265.1133310},
	doi = {10.1145/1133265.1133310},
	abstract = {While zoomable user interfaces can improve the usability of applications by easing data access, a drawback is that some users tend to become lost after they have zoomed in. Previous studies indicate that this effect could be related to individual differences in spatial ability. To overcome such orientation problems, many desktop applications feature an additional overview window showing a miniature of the entire information space. Small devices, however, have a very limited screen real estate and incorporating an overview window often means pruning the size of the detail view considerably. Given this context, we report the results of a user study in which 24 participants solved search tasks by using two zoomable scatterplot applications on a {PDA} - one of the applications featured an overview, the other relied solely on the detail view. In contrast to similar studies for desktop applications, there was no significant difference in user preference between the interfaces. On the other hand, participants solved search tasks faster without the overview. This indicates that, on small screens, a larger detail view can outweigh the benefits gained from an overview window. Individual differences in spatial ability did not have a significant effect on task-completion times although results suggest that participants with higher spatial ability were slowed down by the overview more than low spatial-ability users.},
	urldate = {2012-10-25},
	booktitle = {Proceedings of the working conference on Advanced visual interfaces},
	publisher = {{ACM}},
	author = {Büring, Thorsten and Gerken, Jens and Reiterer, Harald},
	year = {2006},
	keywords = {overview plus detail, scatterplot, small screen, spatial ability, zoom},
	pages = {233–240}
},

@misc{hegarty_perspective_2001,
	title = {Perspective {Taking/Spatial} Orientation Test},
	url = {http://spatiallearning.org/resource-info/spatial_ability_tests/ptsot.pdf},
	urldate = {2013-08-06},
	author = {Hegarty, Mary and Kozhevnikov, Maria and Waller, David},
	year = {2001},
	keywords = {bachelor, perspective taking, studie}
},

@misc{_infinity_????-1,
	title = {Infinity Augmented Reality Announces New {VP} of {R\&D}},
	url = {http://www.marketwire.com/press-release/infinity-augmented-reality-announces-new-vp-of-r-d-otcqb-also-1809689.htm},
	urldate = {2013-07-10}
},

@misc{_wiki_2013,
	address = {Everywhere},
	title = {Wiki Loves Monuments - The Wikipedia photo contest around cultural heritage},
	url = {http://www.wikilovesmonuments.org/},
	abstract = {The Wikipedia photo contest around cultural heritage},
	urldate = {2013-07-14},
	publisher = {Wikimedia},
	year = {2013}
},

@misc{_goethe-schiller-denkmal_????,
	title = {Goethe-Schiller-Denkmal – Wikipedia},
	url = {http://de.wikipedia.org/wiki/Goethe-Schiller-Denkmal},
	urldate = {2013-07-14}
},

@techreport{dutra_streetdroids_2010,
	title = {{StreetDroids} - A Mobile Context-Aware Game for Android},
	copyright = {Bremen University of Applied Sciences},
	shorttitle = {Street Droids},
	url = {http://www.joatan.com.br/academic_bremen.html#project},
	language = {english},
	urldate = {2013-07-14},
	institution = {Bremen University of Applied Sciences},
	author = {Dutra, Joatan Preis},
	year = {2010},
	pages = {14}
},

@misc{_statistics_????-2,
	title = {Statistics for {HCI} Research: Mann-Whitney's U test},
	url = {http://yatani.jp/HCIstats/MannWhitney},
	urldate = {2013-06-23}
}